<?xml version="1.0" encoding="UTF-8"?>
<collection
  xmlns:xsi="http://www.w3.org/2001/XMLSchema-instance"
  xsi:schemaLocation="http://www.loc.gov/MARC21/slim http://www.loc.gov/standards/marcxml/schema/MARC21slim.xsd"
  xmlns="http://www.loc.gov/MARC21/slim">

<record>
  <leader>01930nam a2200577 i 4500</leader>
  <controlfield tag="001">nkc20243591924</controlfield>
  <controlfield tag="003">CZ PrNK</controlfield>
  <controlfield tag="005">20240618083017.0</controlfield>
  <controlfield tag="007">ta</controlfield>
  <controlfield tag="008">240229t20242024xr     e f    000 0 slo  </controlfield>
  <datafield tag="015" ind1=" " ind2=" ">
    <subfield code="a">cnb003591924</subfield>
  </datafield>
  <datafield tag="020" ind1=" " ind2=" ">
    <subfield code="a">978-80-909024-7-3</subfield>
    <subfield code="q">(vázáno)</subfield>
  </datafield>
  <datafield tag="035" ind1=" " ind2=" ">
    <subfield code="a">(OCoLC)1445420374</subfield>
  </datafield>
  <datafield tag="040" ind1=" " ind2=" ">
    <subfield code="a">OLA001</subfield>
    <subfield code="b">cze</subfield>
    <subfield code="d">BOA001</subfield>
    <subfield code="e">rda</subfield>
  </datafield>
  <datafield tag="041" ind1="1" ind2=" ">
    <subfield code="a">slo</subfield>
    <subfield code="h">eng</subfield>
  </datafield>
  <datafield tag="072" ind1=" " ind2="7">
    <subfield code="a">159.92</subfield>
    <subfield code="x">Vývojová psychologie. Individuální psychologie</subfield>
    <subfield code="2">Konspekt</subfield>
    <subfield code="9">17</subfield>
  </datafield>
  <datafield tag="080" ind1=" " ind2=" ">
    <subfield code="a">618.29</subfield>
    <subfield code="2">MRF</subfield>
  </datafield>
  <datafield tag="080" ind1=" " ind2=" ">
    <subfield code="a">618.2/.3</subfield>
    <subfield code="2">MRF</subfield>
  </datafield>
  <datafield tag="080" ind1=" " ind2=" ">
    <subfield code="a">618.4/.5</subfield>
    <subfield code="2">MRF</subfield>
  </datafield>
  <datafield tag="080" ind1=" " ind2=" ">
    <subfield code="a">316.346.32-053.31</subfield>
    <subfield code="2">MRF</subfield>
  </datafield>
  <datafield tag="080" ind1=" " ind2=" ">
    <subfield code="a">159.922</subfield>
    <subfield code="2">MRF</subfield>
  </datafield>
  <datafield tag="080" ind1=" " ind2=" ">
    <subfield code="a">(0.062)</subfield>
    <subfield code="2">MRF</subfield>
  </datafield>
  <datafield tag="100" ind1="1" ind2=" ">
    <subfield code="a">Verny, Thomas R.,</subfield>
    <subfield code="d">1936-</subfield>
    <subfield code="7">xx0053000</subfield>
    <subfield code="4">aut</subfield>
  </datafield>
  <datafield tag="240" ind1="1" ind2="0">
    <subfield code="a">Secret life of the unborn child.</subfield>
    <subfield code="l">Slovensky</subfield>
  </datafield>
  <datafield tag="245" ind1="1" ind2="0">
    <subfield code="a">Tajný život nenarodeného dieťaťa /</subfield>
    <subfield code="c">Thomas R. Verny, John Kelly</subfield>
  </datafield>
  <datafield tag="250" ind1=" " ind2=" ">
    <subfield code="a">Prvé vydanie</subfield>
  </datafield>
  <datafield tag="264" ind1=" " ind2="1">
    <subfield code="a">Praha :</subfield>
    <subfield code="b">Bohemica Books,</subfield>
    <subfield code="c">[2024]</subfield>
  </datafield>
  <datafield tag="264" ind1=" " ind2="4">
    <subfield code="c">©2024</subfield>
  </datafield>
  <datafield tag="300" ind1=" " ind2=" ">
    <subfield code="a">251 stran ;</subfield>
    <subfield code="c">22 cm</subfield>
  </datafield>
  <datafield tag="336" ind1=" " ind2=" ">
    <subfield code="a">text</subfield>
    <subfield code="b">txt</subfield>
    <subfield code="2">rdacontent</subfield>
  </datafield>
  <datafield tag="337" ind1=" " ind2=" ">
    <subfield code="a">bez média</subfield>
    <subfield code="b">n</subfield>
    <subfield code="2">rdamedia</subfield>
  </datafield>
  <datafield tag="338" ind1=" " ind2=" ">
    <subfield code="a">svazek</subfield>
    <subfield code="b">nc</subfield>
    <subfield code="2">rdacarrier</subfield>
  </datafield>
  <datafield tag="500" ind1=" " ind2=" ">
    <subfield code="a">Z angličtiny přeložila Jana Hűblerová</subfield>
  </datafield>
  <datafield tag="504" ind1=" " ind2=" ">
    <subfield code="a">Obsahuje bibliografii</subfield>
  </datafield>
  <datafield tag="650" ind1="0" ind2="7">
    <subfield code="a">prenatální vývoj člověka</subfield>
    <subfield code="7">ph125290</subfield>
    <subfield code="2">czenas</subfield>
  </datafield>
  <datafield tag="650" ind1="0" ind2="7">
    <subfield code="a">těhotenství</subfield>
    <subfield code="7">ph126830</subfield>
    <subfield code="2">czenas</subfield>
  </datafield>
  <datafield tag="650" ind1="0" ind2="7">
    <subfield code="a">porod</subfield>
    <subfield code="7">ph124364</subfield>
    <subfield code="2">czenas</subfield>
  </datafield>
  <datafield tag="650" ind1="0" ind2="7">
    <subfield code="a">novorozenci</subfield>
    <subfield code="7">ph123348</subfield>
    <subfield code="2">czenas</subfield>
  </datafield>
  <datafield tag="650" ind1="0" ind2="7">
    <subfield code="a">vývojová psychologie</subfield>
    <subfield code="7">ph116715</subfield>
    <subfield code="2">czenas</subfield>
  </datafield>
  <datafield tag="650" ind1="0" ind2="9">
    <subfield code="a">human prenatal development</subfield>
    <subfield code="2">eczenas</subfield>
  </datafield>
  <datafield tag="650" ind1="0" ind2="9">
    <subfield code="a">pregnancy</subfield>
    <subfield code="2">eczenas</subfield>
  </datafield>
  <datafield tag="650" ind1="0" ind2="9">
    <subfield code="a">childbirth</subfield>
    <subfield code="2">eczenas</subfield>
  </datafield>
  <datafield tag="650" ind1="0" ind2="9">
    <subfield code="a">newborns</subfield>
    <subfield code="2">eczenas</subfield>
  </datafield>
  <datafield tag="650" ind1="0" ind2="9">
    <subfield code="a">developmental psychology</subfield>
    <subfield code="2">eczenas</subfield>
  </datafield>
  <datafield tag="655" ind1=" " ind2="7">
    <subfield code="a">populárně-naučné publikace</subfield>
    <subfield code="7">fd131864</subfield>
    <subfield code="2">czenas</subfield>
  </datafield>
  <datafield tag="655" ind1=" " ind2="9">
    <subfield code="a">popular works</subfield>
    <subfield code="2">eczenas</subfield>
  </datafield>
  <datafield tag="700" ind1="1" ind2=" ">
    <subfield code="a">Kelly, John,</subfield>
    <subfield code="d">1945-</subfield>
    <subfield code="7">xx0053001</subfield>
    <subfield code="4">aut</subfield>
  </datafield>
  <datafield tag="700" ind1="1" ind2=" ">
    <subfield code="a">Hűblerová, Jana</subfield>
    <subfield code="4">trl</subfield>
  </datafield>
  <datafield tag="901" ind1=" " ind2=" ">
    <subfield code="b">9788090902473</subfield>
    <subfield code="f">1. vydanie</subfield>
    <subfield code="o">20240318</subfield>
  </datafield>
  <datafield tag="910" ind1=" " ind2=" ">
    <subfield code="a">ABA001</subfield>
  </datafield>
  <datafield tag="998" ind1=" " ind2=" ">
    <subfield code="a">003591924</subfield>
  </datafield>
</record>

</collection>